@misc{IEEE2030.5,
month = dec,
year = {2018},
title = {{Smart Energy Profile Application Protocol (2030.5-2018)}},
address = {New Jersey, USA},
author = {Institute of Electrical and Electronics Engineers}
}

@misc{DOEAdoption,
  author      = "CutlerMerz",
  title       = "Review of Dynamic Operating Envelope Adoption by DNSPs",
  institution = "CutlerMerz",
  month        = aug,
  year        = "2022",
  howpublished = {\url{https://arena.gov.au/assets/2022/07/review-of-dynamic-operating-envelopes-from-dnsps.pdf}},
}

@misc{Gen5Riva,
month = dec,
year = {2020},
title = {{Methods for Performance Evaluations, Metrics, and Consumer Protections for AMI and FAN}},
author = {Minnesota Department of Commerce}
}

@misc{SecurityMemorySafety,
author = "Matt Miller",
year = "2019",
month = jul,
title = "A proactive approach to more secure code",
howpublished = {\url{https://msrc.microsoft.com/blog/2019/07/a-proactive-approach-to-more-secure-code/}},
}
